@InProceedings{Cannon2018-separationba,
  Title     = {Brief Announcement: A Local Stochastic Algorithm for Separation in Heterogeneous Self-Organizing Particle Systems},
  Author    = {Cannon, Sarah and Daymude, Joshua J. and Gokmen, Cem and Randall, Dana and Richa, Andr\'{e}a W.},
  Booktitle = {Proceedings of the 2018 ACM Symposium on Principles of Distributed Computing},
  Series    = {PODC 2018},
  Pages     = {483--485},
  Month     = jul,
  Year      = 2018
}
