@Article{Axelrod2022-replymarchi,
  Title     = {Reply to de Marchi: Modeling Polarization of Political Attitudes},
  Author    = {Axelrod, Robert and Forrest, Stephanie and Daymude, Joshua J.},
  Journal   = {Proceedings of the National Academy of Sciences},
  Volume    = {119},
  Number    = {17},
  Pages     = {e2202863119},
  Month     = apr,
  Year      = {2022},
  DOI       = {10.1073/pnas.2202863119}
}