@InProceedings{Daymude2021-deadlockaggregation,
  Title     = {Deadlock and Noise in Self-Organized Aggregation Without Computation},
  Author    = {Daymude, Joshua J. and Harasha, Noble C. and Richa, Andr\'{e}a W. and Yiu, Ryan},
  Booktitle = {Stabilization, Safety, and Security of Distributed Systems},
  Series    = {SSS 2021},
  Pages     = {},
  Address   = {Virtual Event},
  Month     = nov,
  Year      = 2021,
  Note      = {Accepted; preprint available online at \url{https://arxiv.org/abs/2108.09403}}
}
