@Article{Daymude2021-labordelivery,
  Title     = {Labor and Delivery Unit Closures in Rural Georgia from 2012--2016 and the Impact on Black Women: A Mixed-Methods Investigation},
  Author    = {Daymude, Anna E. C. and Daymude, Joshua J. and Rochat, Roger},
  Journal   = {Maternal Child Health Journal},
  Volume    = {},
  Number    = {},
  Pages     = {},
  Year      = 2021,
  Note      = {Accepted; preprint available online at \url{https://osf.io/preprints/socarxiv/w47ct/}}
}
