@InProceedings{Alumbaugh2019-tilesimulation,
  Title     = {Simulation of Programmable Matter Systems Using Active Tile-Based Self-Assembly},
  Author    = {Alumbaugh, John Calvin and Daymude, Joshua J. and Demaine, Erik D. and Patitz, Matthew J. and Richa, Andr\'{e}a W.},
  Booktitle = {DNA Computing and Molecular Programming},
  Series    = {DNA 2019},
  Pages     = {140--158},
  Month     = {08},
  Year      = {2019}
}
