@InProceedings{Daymude2020-convexhull,
  Title     = {Convex Hull Formation for Programmable Matter},
  Author    = {Daymude, Joshua J. and Gmyr, Robert and Hinnenthal, Kristian and Kostitsyna, Irina and Scheideler, Christian and Richa, Andr\'{e}a W.},
  Booktitle = {Proceedings of the 21st International Conference on Distributed Computing and Networking},
  Series    = {ICDCN 2020},
  Pages     = {2:1--2:10},
  Month     = jan,
  Year      = 2020
}
