@Article{Daymude2022-labordelivery,
  Title     = {Labor and Delivery Unit Closures in Rural Georgia from 2012 to 2016 and the Impact on Black Women: A Mixed-Methods Investigation},
  Author    = {Daymude, Anna E. Carson and Daymude, Joshua J. and Rochat, Roger},
  Journal   = {Maternal Child Health Journal},
  Volume    = {},
  Number    = {},
  Pages     = {},
  Month     = feb,
  Year      = 2022,
  DOI       = {10.1007/s10995-022-03380-y}
}
