@Article{Savoie2018-supersmarticles,
  Title     = {Phototactic Supersmarticles},
  Author    = {Savoie, William and Cannon, Sarah and Daymude, Joshua J. and Warkentin, Ross and Li, Shengkai and Richa, Andr\'{e}a W. and Randall, Dana and Goldman, Daniel I.},
  Journal   = {Artificial Life and Robotics},
  Volume    = {23},
  Number    = {4},
  Pages     = {459--468},
  Month     = dec,
  Year      = 2018
}
