@InProceedings{AndresArroyo2017-bridging,
  Title     = {A Stochastic Approach to Shortcut Bridging in Programmable Matter},
  Author    = {Andr\'{e}s Arroyo, Marta and Cannon, Sarah and Daymude, Joshua J. and Randall, Dana and Richa, Andr\'{e}a W.},
  Booktitle = {DNA Computing and Molecular Programming},
  Series    = {DNA 2017},
  Pages     = {122--138},
  Month     = sep,
  Year      = 2017,
  DOI       = {10.1007/978-3-319-66799-7_9}
}
