@Unpublished{Daymude2020-energydistribution,
  Title     = {Bio-Inspired Energy Distribution for Programmable Matter},
  Author    = {Daymude, Joshua J. and Richa, Andr\'{e}a W. and Weber, Jamison W.},
  Year      = {2020},
  Note      = {Available online at \url{https://arxiv.org/abs/2007.04377}}
}
