@Unpublished{Daymude2022-localmutual,
  Title     = {Local Mutual Exclusion for Dynamic, Anonymous, Bounded Memory Message Passing Systems},
  Author    = {Daymude, Joshua J. and Richa, Andr\'{e}a W. and Scheideler, Christian},
  Year      = 2022,
  Note      = {Submitted and under review; preprint available online at \url{https://arxiv.org/abs/2111.09449}}
}
