@InProceedings{Cannon2016-compression,
  Title     = {A {M}arkov Chain Algorithm for Compression in Self-Organizing Particle Systems},
  Author    = {Cannon, Sarah and Daymude, Joshua J. and Randall, Dana and Richa, Andr\'{e}a W.},
  Booktitle = {Proceedings of the 2016 ACM Symposium on Principles of Distributed Computing},
  Series    = {PODC 2016},
  Pages     = {279--288},
  Month     = jul,
  Year      = 2016,
  DOI       = {10.1145/2933057.2933107}
}
