@InProceedings{Leyba2022-cuttingthrough,
  Title     = {Cutting Through the Noise to Infer Autonomous System Topology},
  Author    = {Leyba, Kirtus G. and Daymude, Joshua J. and Young, Jean-Gabriel and Newman, M. E. J. and Rexford, Jennifer and Forrest, Stephanie},
  Booktitle = {IEEE INFOCOM 2022 - IEEE Conference on Computer Communications},
  Series    = {INFOCOM 2022},
  Pages     = {1609-1618},
  Address   = {Virtual Event},
  Month     = may,
  Year      = 2022,
  DOI       = {10.1109/INFOCOM48880.2022.9796874}
}
