@InCollection{Daymude2019-computingparticles,
  Title     = {Computing by Programmable Particles},
  Author    = {Daymude, Joshua J. and Hinnenthal, Kristian and Richa, Andr\'{e}a W. and Scheideler, Christian},
  Booktitle = {Distributed Computing by Mobile Entities: Current Research in Moving and Computing},
  Pages     = {615--681},
  Publisher = {Springer},
  Address   = {Cham},
  Month     = {01},
  Year      = {2019}
}
