@InProceedings{Briones2022-asynchronousdeterministic,
  Title     = {Asynchronous Deterministic Leader Election in Three-Dimensional Programmable Matter},
  Author    = {Briones, Joseph L. and Chhabra, Tishya and Daymude, Joshua J. and Richa, Andr{\'e}a W.},
  Booktitle = {},
  Series    = {LATIN 2022},
  Pages     = {},
  Address   = {},
  Month     = may,
  Year      = 2022,
  Note      = {Submitted and under review; preprint available online at \url{https://arxiv.org/abs/2205.15412}}
}