@Article{Daymude2018-coatingruntime,
  Title     = {On the Runtime of Universal Coating for Programmable Matter},
  Author    = {Daymude, Joshua J. and Derakhshandeh, Zahra and Gmyr, Robert and Porter, Alexandra and Richa, Andr\'{e}a W. and Scheideler, Christian and Strothmann, Thim},
  Journal   = {Natural Computing},
  Volume    = {17},
  Number    = {1},
  Pages     = {81--96},
  Month     = {03},
  Year      = {2018}
}
