@InProceedings{Briones2023-invitedpaper,
  Title     = {Invited Paper: Asynchronous Deterministic Leader Election in Three-Dimensional Programmable Matter},
  Author    = {Briones, Joseph L. and Chhabra, Tishya and Daymude, Joshua J. and Richa, Andr{\'e}a W.},
  Booktitle = {Proceedings of the 24th International Conference on Distributed Computing and Networking},
  Series    = {ICDCN 2023},
  Pages     = {38--47},
  Month     = jan,
  Year      = 2023,
  DOI       = {10.1145/3571306.3571389}
}
