@InProceedings{Cannon2019-separation,
  Title     = {A Local Stochastic Algorithm for Separation in Heterogeneous Self-Organizing Particle Systems},
  Author    = {Cannon, Sarah and Daymude, Joshua J. and Gokmen, Cem and Randall, Dana and Richa, Andr\'{e}a W.},
  Booktitle = {Approximation, Randomization, and Combinatorial Optimization. Algorithms and Techniques},
  Series    = {APPROX/RANDOM 2019},
  Pages     = {54:1--54:22},
  Month     = {09},
  Year      = {2019}
}
