@Article{Li2021-bobbots,
  Title     = {Programming Active Cohesive Granular Matter with Mechanically Induced Phase Changes},
  Author    = {Li, Shengkai and Dutta, Bahnisikha and Cannon, Sarah and Daymude, Joshua J. and Avinery, Ram and Aydin, Enes and Richa, Andr\'{e}a W. and Goldman, Daniel I. and Randall, Dana},
  Journal   = {Science Advances},
  Volume    = {7},
  Number    = {17},
  Pages     = {eabe8494},
  Month     = {04},
  Year      = {2021}
}
