@PhdThesis{Daymude2021-phdthesis,
  Title        = {Collaborating in Motion: Distributed and Stochastic Algorithms for Emergent Behavior in Programmable Matter},
  Author       = {Daymude, Joshua J.},
  School       = {Arizona State University},
  Address      = {Tempe, AZ},
  Type         = {{PhD Thesis}},
  Month        = mar,
  Year         = 2021,
  Note         = {Available online at \url{http://login.ezproxy1.lib.asu.edu/login?url=https://www.proquest.com/dissertations-theses/collaborating-motion-distributed-stochastic/docview/2531565717/se-2?accountid=4485}}
}
