% Papers in progress.

@Unpublished{Dutta-bobbots,
  Title     = {Programming robot collectives using mechanics-induced phase changes},
  Author    = {Dutta, Bahnisikha and Li, Shengkai and Cannon, Sarah and Daymude, Joshua J. and Aydin, Enes and Richa, Andr\'{e}a W. and Goldman, Daniel I. and Randall, Dana},
  % Month     = {},
  Year      = {2020},
  Note      = {Submitted and under review.}
}

@Unpublished{Cannon-compression,
  Title     = {A {M}arkov Chain Algorithm for Compression in Self-Organizing Particle Systems},
  Author    = {Cannon, Sarah and Daymude, Joshua J. and Randall, Dana and Richa, Andr\'{e}a W.},
  % Month     = {},
  Year      = {2020},
  Note      = {Manuscript in preparation.}
}


% Theses.

@Unpublished{Daymude2016-undergradthesis,
  Title     = {Compression in Self-Organizing Particle Systems},
  Author    = {Daymude, Joshua J.},
  Month     = {04},
  Year      = {2016},
  Note      = {Undergraduate Honors Thesis from Barrett, the Honors College at Arizona State University}
}


% Book chapters.

@InCollection{Daymude2019-computingparticles,
  Title     = {Computing by Programmable Particles},
  Author    = {Daymude, Joshua J. and Hinnenthal, Kristian and Richa, Andr\'{e}a W. and Scheideler, Christian},
  Booktitle = {Distributed Computing by Mobile Entities: Current Research in Moving and Computing},
  Pages     = {615--681},
  Publisher = {Springer},
  Address   = {Cham},
  Month     = {01},
  Year      = {2019}
}


% Journal papers.

@Article{AndresArroyo2018-bridging,
  Title     = {A Stochastic Approach to Shortcut Bridging in Programmable Matter},
  Author    = {Andr\'{e}s Arroyo, Marta and Cannon, Sarah and Daymude, Joshua J. and Randall, Dana and Richa, Andr\'{e}a W.},
  Journal   = {Natural Computing},
  Volume    = {17},
  Number    = {4},
  Pages     = {723--741},
  Month     = {12},
  Year      = {2018}
}

@Article{Savoie2018-supersmarticles,
  Title     = {Phototactic Supersmarticles},
  Author    = {Savoie, William and Cannon, Sarah and Daymude, Joshua J. and Warkentin, Ross and Li, Shengkai and Richa, Andr\'{e}a W. and Randall, Dana and Goldman, Daniel I.},
  Journal   = {Artificial Life and Robotics},
  Volume    = {23},
  Number    = {4},
  Pages     = {459--468},
  Month     = {12},
  Year      = {2018}
}

@Article{Daymude2018-coatingruntime,
  Title     = {On the Runtime of Universal Coating for Programmable Matter},
  Author    = {Daymude, Joshua J. and Derakhshandeh, Zahra and Gmyr, Robert and Porter, Alexandra and Richa, Andr\'{e}a W. and Scheideler, Christian and Strothmann, Thim},
  Journal   = {Natural Computing},
  Volume    = {17},
  Number    = {1},
  Pages     = {81--96},
  Month     = {03},
  Year      = {2018}
}


% Conference proceedings papers.

@InProceedings{Daymude2020-convexhull,
  Title     = {Convex Hull Formation for Programmable Matter},
  Author    = {Daymude, Joshua J. and Gmyr, Robert and Hinnenthal, Kristian and Kostitsyna, Irina and Scheideler, Christian and Richa, Andr\'{e}a W.},
  Booktitle = {Proceedings of the 21st International Conference on Distributed Computing and Networking},
  Series    = {ICDCN 2020},
  Pages     = {2:1--2:10},
  Month     = {01},
  Year      = {2020}
}

@InProceedings{Cannon2019-separation,
  Title     = {A Local Stochastic Algorithm for Separation in Heterogeneous Self-Organizing Particle Systems},
  Author    = {Cannon, Sarah and Daymude, Joshua J. and Gokmen, Cem and Randall, Dana and Richa, Andr\'{e}a W.},
  Booktitle = {Approximation, Randomization, and Combinatorial Optimization. Algorithms and Techniques},
  Series    = {APPROX/RANDOM 2019},
  Pages     = {54:1--54:22},
  Month     = {09},
  Year      = {2019}
}

@InProceedings{Alumbaugh2019-tilesimulation,
  Title     = {Simulation of Programmable Matter Systems Using Active Tile-Based Self-Assembly},
  Author    = {Alumbaugh, John Calvin and Daymude, Joshua J. and Demaine, Erik D. and Patitz, Matthew J. and Richa, Andr\'{e}a W.},
  Booktitle = {DNA Computing and Molecular Programming},
  Series    = {DNA 2019},
  Pages     = {140--158},
  Month     = {08},
  Year      = {2019}
}

@InProceedings{Cannon2018-separationba,
  Title     = {Brief Announcement: A Local Stochastic Algorithm for Separation in Heterogeneous Self-Organizing Particle Systems},
  Author    = {Cannon, Sarah and Daymude, Joshua J. and Gokmen, Cem and Randall, Dana and Richa, Andr\'{e}a W.},
  Booktitle = {Proceedings of the 2018 ACM Symposium on Principles of Distributed Computing},
  Series    = {PODC 2018},
  Pages     = {483--485},
  Month     = {07},
  Year      = {2018}
}

@InProceedings{AndresArroyo2017-bridging,
  Title     = {A Stochastic Approach to Shortcut Bridging in Programmable Matter},
  Author    = {Andr\'{e}s Arroyo, Marta and Cannon, Sarah and Daymude, Joshua J. and Randall, Dana and Richa, Andr\'{e}a W.},
  Booktitle = {DNA Computing and Molecular Programming},
  Series    = {DNA 2017},
  Pages     = {122--138},
  Month     = {09},
  Year      = {2017}
}

@InProceedings{Daymude2017-improvedleaderelection,
  Title     = {Improved Leader Election for Self-Organizing Programmable Matter},
  Author    = {Daymude, Joshua J. and Gmyr, Robert and Richa, Andr\'{e}a W. and Scheideler, Christian and Strothmann, Thim},
  Booktitle = {Algorithms for Sensor Systems},
  Series    = {ALGOSENSORS 2017},
  Pages     = {127--140},
  Month     = {09},
  Year      = {2017}
}

@InProceedings{Cannon2016-compression,
  Title     = {A {M}arkov Chain Algorithm for Compression in Self-Organizing Particle Systems},
  Author    = {Cannon, Sarah and Daymude, Joshua J. and Randall, Dana and Richa, Andr\'{e}a W.},
  Booktitle = {Proceedings of the 2016 ACM Symposium on Principles of Distributed Computing},
  Series    = {PODC 2016},
  Pages     = {279--288},
  Month     = {07},
  Year      = {2016}
}


% Other papers.

@Unpublished{Cannon2017-supersmarticles,
  Title     = {Phototactic Supersmarticles},
  Author    = {Cannon, Sarah and Daymude, Joshua J. and Savoie, William and Warkentin, Ross and Li, Shengkai and Goldman, Daniel I. and Randall, Dana and Richa, Andr\'{e}a W.},
  Month     = {10},
  Year      = {2017},
  Note      = {Appeared at the 2nd International Symposium on Swarm Behavior and Bio-Inspired Robotics (SWARM 2017)}
}

@Unpublished{Daymude2016-leaderelection,
  Title     = {Leader Election and Shape Formation with Self-Organizing Programmable Matter},
  Author    = {Daymude, Joshua J. and Derakhshandeh, Zahra and Gmyr, Robert and Strothmann, Thim and Bazzi, Rida and Richa, Andr\'{e}a W. and Scheideler, Christian},
  Month     = {03},
  Year      = {2016},
  Note      = {This updated version of the DNA 2015 conference paper is available online at \url{https://arxiv.org/abs/1503.07991}}
}
