@Article{Axelrod2021-preventingpolarization,
  Title     = {Preventing Extreme Polarization of Political Attitudes},
  Author    = {Axelrod, Robert and Daymude, Joshua J. and Forrest, Stephanie},
  Journal   = {Proceedings of the National Academy of Sciences},
  Volume    = {},
  Number    = {},
  Pages     = {},
  Year      = 2021,
  Note      = {In Press; preprint available online at \url{https://arxiv.org/abs/2103.06492}}
}
