@InProceedings{Daymude2021-canonicalamoebot,
  Title     = {The Canonical Amoebot Model: Algorithms and Concurrency Control},
  Author    = {Daymude, Joshua J. and Richa, Andr\'{e}a W. and Scheideler, Christian},
  Booktitle = {35th International Symposium on Distributed Computing (DISC 2021)},
  Series    = {Leibniz International Proceedings in Informatics (LIPIcs)},
  Volume    = {209},
  Pages     = {20:1--20:19},
  Month     = oct,
  Year      = 2021
}
