@Unpublished{Daymude2016-undergradthesis,
  Title     = {Compression in Self-Organizing Particle Systems},
  Author    = {Daymude, Joshua J.},
  Month     = {04},
  Year      = {2016},
  Note      = {Undergraduate Honors Thesis from Barrett, the Honors College at Arizona State University}
}
