@Article{Daymude2023-canonicalamoebot,
  Title     = {The Canonical Amoebot Model: Algorithms and Concurrency Control},
  Author    = {Daymude, Joshua J. and Richa, Andr{\'e}a W. and Scheideler, Christian},
  Journal   = {Distributed Computing},
  Month     = feb,
  Year      = {2023},
  DOI       = {10.1007/s00446-023-00443-3}
}
