@InProceedings{Daymude2017-improvedleaderelection,
  Title     = {Improved Leader Election for Self-Organizing Programmable Matter},
  Author    = {Daymude, Joshua J. and Gmyr, Robert and Richa, Andr\'{e}a W. and Scheideler, Christian and Strothmann, Thim},
  Booktitle = {Algorithms for Sensor Systems},
  Series    = {ALGOSENSORS 2017},
  Pages     = {127--140},
  Month     = sep,
  Year      = 2017,
  DOI       = {10.1007/978-3-319-72751-6_10}
}
