@Article{AndresArroyo2018-bridging,
  Title     = {A Stochastic Approach to Shortcut Bridging in Programmable Matter},
  Author    = {Andr\'{e}s Arroyo, Marta and Cannon, Sarah and Daymude, Joshua J. and Randall, Dana and Richa, Andr\'{e}a W.},
  Journal   = {Natural Computing},
  Volume    = {17},
  Number    = {4},
  Pages     = {723--741},
  Month     = dec,
  Year      = 2018
}
